<?xml version="1.0" encoding="UTF-8"?><record xmlns="http://www.loc.gov/MARC21/slim" xmlns:cinclude="http://apache.org/cocoon/include/1.0" xmlns:zs="http://www.loc.gov/zing/srw/">
  <leader>00452nz  a2200133n  4500</leader>
  <controlfield tag="001">n  97018040 </controlfield>
  <controlfield tag="003">DLC</controlfield>
  <controlfield tag="005">19970220171322.5</controlfield>
  <controlfield tag="008">970220n| acannaab|          |a ana |||  </controlfield>
  <datafield tag="010" ind1=" " ind2=" ">
    <subfield code="a">n  97018040 </subfield>
  </datafield>
  <datafield tag="040" ind1=" " ind2=" ">
    <subfield code="a">DLC</subfield>
    <subfield code="c">DLC</subfield>
  </datafield>
  <datafield tag="110" ind1="2" ind2="0">
    <subfield code="a">Institut atlantique d'aménagement des territoires</subfield>
  </datafield>
  <datafield tag="410" ind1="2" ind2="0">
    <subfield code="a">IAAT</subfield>
  </datafield>
  <datafield tag="670" ind1=" " ind2=" ">
    <subfield code="a">La ville-pays : vers une alternative à la métropolisation, c1996:</subfield>
    <subfield code="b">p. opp. t.p. (IAAT, Institut atlantique d'aménagement des territoires)</subfield>
  </datafield>
</record>